@Manual{r,
    title = {R: A Language and Environment for Statistical Computing},
    author = {{R Core Team}},
    organization = {R Foundation for Statistical Computing},
    address = {Vienna, Austria},
    year = {2021},
    url = {https://www.R-project.org/},
}

@article{federhen2012ncbi,
  title={The NCBI taxonomy database},
  author={Federhen, Scott},
  journal={Nucleic acids research},
  volume={40},
  number={D1},
  pages={D136--D143},
  year={2012},
  publisher={Oxford University Press}
}

@article{tian2017agrigo,
  title={agriGO v2. 0: a GO analysis toolkit for the agricultural community, 2017 update},
  author={Tian, Tian and Liu, Yue and Yan, Hengyu and You, Qi and Yi, Xin and Du, Zhou and Xu, Wenying and Su, Zhen},
  journal={Nucleic acids research},
  volume={45},
  number={W1},
  pages={W122--W129},
  year={2017},
  publisher={Oxford University Press}
}

@article{tian2020plantregmap,
  title={PlantRegMap: charting functional regulatory maps in plants},
  author={Tian, Feng and Yang, De-Chang and Meng, Yu-Qi and Jin, Jinpu and Gao, Ge},
  journal={Nucleic acids research},
  volume={48},
  number={D1},
  pages={D1104--D1113},
  year={2020},
  publisher={Oxford University Press}
}

@article{pearson1901pca,
  title={LIII. On lines and planes of closest fit to systems of points in space},
  author={Pearson, Karl},
  journal={The London, Edinburgh, and Dublin philosophical magazine and journal of science},
  volume={2},
  number={11},
  pages={559--572},
  year={1901},
  publisher={Taylor \& Francis}
}

@article{reimand2007gProfiler,
  title={g: Profiler—a web-based toolset for functional profiling of gene lists from large-scale experiments},
  author={Reimand, J{\"u}ri and Kull, Meelis and Peterson, Hedi and Hansen, Jaanus and Vilo, Jaak},
  journal={Nucleic acids research},
  volume={35},
  number={suppl\_2},
  pages={W193--W200},
  year={2007},
  publisher={Oxford University Press}
}

@article{wagner2012tpm,
  title={Measurement of mRNA abundance using RNA-seq data: RPKM measure is inconsistent among samples},
  author={Wagner, G{\"u}nter P and Kin, Koryu and Lynch, Vincent J},
  journal={Theory in biosciences},
  volume={131},
  pages={281--285},
  year={2012},
  publisher={Springer}
}

@article{kim2019hisat2,
  title={Graph-based genome alignment and genotyping with HISAT2 and HISAT-genotype},
  author={Kim, Daehwan and Paggi, Joseph M and Park, Chanhee and Bennett, Christopher and Salzberg, Steven L},
  journal={Nature biotechnology},
  volume={37},
  number={8},
  pages={907--915},
  year={2019},
  publisher={Nature Publishing Group US New York}
}

@article{liao2014featurecounts,
  title={featureCounts: an efficient general purpose program for assigning sequence reads to genomic features},
  author={Liao, Yang and Smyth, Gordon K and Shi, Wei},
  journal={Bioinformatics},
  volume={30},
  number={7},
  pages={923--930},
  year={2014},
  publisher={Oxford University Press}
}

@article{mccormick2018sorghum,
  title={The Sorghum bicolor reference genome: improved assembly, gene annotations, a transcriptome atlas, and signatures of genome organization},
  author={McCormick, Ryan F and Truong, Sandra K and Sreedasyam, Avinash and Jenkins, Jerry and Shu, Shengqiang and Sims, David and Kennedy, Megan and Amirebrahimi, Mojgan and Weers, Brock D and McKinley, Brian and others},
  journal={The Plant Journal},
  volume={93},
  number={2},
  pages={338--354},
  year={2018},
  publisher={Wiley Online Library}
}

@article{pertea2016hisat,
  title={Transcript-level expression analysis of RNA-seq experiments with HISAT, StringTie and Ballgown},
  author={Pertea, Mihaela and Kim, Daehwan and Pertea, Geo M and Leek, Jeffrey T and Salzberg, Steven L},
  journal={Nature protocols},
  volume={11},
  number={9},
  pages={1650--1667},
  year={2016},
  publisher={Nature Publishing Group}
}

@article{conesa2016rna,
  title={A survey of best practices for RNA-seq data analysis},
  author={Conesa, Ana and Madrigal, Pedro and Tarazona, Sonia and Gomez-Cabrero, David and Cervera, Alejandra and McPherson, Andrew and Szcze{\'s}niak, Micha{\l} Wojciech and Gaffney, Daniel J and Elo, Laura L and Zhang, Xuegong and others},
  journal={Genome biology},
  volume={17},
  number={1},
  pages={1--19},
  year={2016},
  publisher={BioMed Central}
}

@article{goodstein2012phytozome,
  title={Phytozome: a comparative platform for green plant genomics},
  author={Goodstein, David M and Shu, Shengqiang and Howson, Russell and Neupane, Rochak and Hayes, Richard D and Fazo, Joni and Mitros, Therese and Dirks, William and Hellsten, Uffe and Putnam, Nicholas and others},
  journal={Nucleic acids research},
  volume={40},
  number={D1},
  pages={D1178--D1186},
  year={2012},
  publisher={Oxford University Press}
}

@article{foster2011globus,
  title={Globus Online: Accelerating and democratizing science through cloud-based services},
  author={Foster, Ian},
  journal={IEEE Internet Computing},
  volume={15},
  number={3},
  pages={70--73},
  year={2011},
  publisher={IEEE}
}

@article{allen2012software_globus,
  title={Software as a service for data scientists},
  author={Allen, Bryce and Bresnahan, John and Childers, Lisa and Foster, Ian and Kandaswamy, Gopi and Kettimuthu, Raj and Kordas, Jack and Link, Mike and Martin, Stuart and Pickett, Karl and others},
  journal={Communications of the ACM},
  volume={55},
  number={2},
  pages={81--88},
  year={2012},
  publisher={ACM New York, NY, USA}
}

@article{chen2018soapnuke_bgi,
  title={SOAPnuke: a MapReduce acceleration-supported software for integrated quality control and preprocessing of high-throughput sequencing data},
  author={Chen, Yuxin and Chen, Yongsheng and Shi, Chunmei and Huang, Zhibo and Zhang, Yong and Li, Shengkang and Li, Yan and Ye, Jia and Yu, Chang and Li, Zhuo and others},
  journal={Gigascience},
  volume={7},
  number={1},
  pages={gix120},
  year={2018},
  publisher={Oxford University Press}
}

@article{liao2019rsubread,
  title={The R package Rsubread is easier, faster, cheaper and better for alignment and quantification of RNA sequencing reads},
  author={Liao, Yang and Smyth, Gordon K and Shi, Wei},
  journal={Nucleic acids research},
  volume={47},
  number={8},
  pages={e47--e47},
  year={2019},
  publisher={Oxford Academic}
}

@article{mathur2017sweet_sorghum,
  title={Sweet sorghum as biofuel feedstock: recent advances and available resources},
  author={Mathur, Supriya and Umakanth, AV and Tonapi, VA and Sharma, Rita and Sharma, Manoj K},
  journal={Biotechnology for Biofuels},
  volume={10},
  pages={1--19},
  year={2017},
  publisher={Springer}
}

@article{suriyasak2021alterations,
  title={Alterations of DNA methylation caused by cold plasma treatment restore delayed germination of heat-stressed rice (Oryza sativa L.) seeds},
  author={Suriyasak, Chetphilin and Hatanaka, Kota and Tanaka, Hayate and Okumura, Takamasa and Yamashita, Daisuke and Attri, Pankaj and Koga, Kazunori and Shiratani, Masaharu and Hamaoka, Norimitsu and Ishibashi, Yushi},
  journal={ACS Agricultural Science \& Technology},
  volume={1},
  number={1},
  pages={5--10},
  year={2021},
  publisher={ACS Publications}
}

@article{binder2010fermentable,
  title={Fermentable sugars by chemical hydrolysis of biomass},
  author={Binder, Joseph B and Raines, Ronald T},
  journal={Proceedings of the National Academy of Sciences},
  volume={107},
  number={10},
  pages={4516--4521},
  year={2010},
  publisher={National Acad Sciences}
}

@article{attri2021impact,
  title={Impact of atmospheric pressure plasma treated seeds on germination, morphology, gene expression and biochemical responses},
  author={Attri, Pankaj and Koga, Kazunori and Okumura, Takamasa and Shiratani, Masaharu},
  journal={Japanese journal of applied physics},
  volume={60},
  number={4},
  pages={040502},
  year={2021},
  publisher={IOP Publishing}
}

@article{attriplasma,
  title={Plasma Agriculture from Laboratory to Farm: A Review. Processes 2020, 8, 1002},
  author={Attri, P and Ishikawa, K and Okumura, T and Koga, K and Shiratani, M},
  journal={Processes},
  volume={8},
  number={1002},
  year={2020},
}

@inproceedings{loken2010scinet,
  title={SciNet: lessons learned from building a power-efficient top-20 system and data centre},
  author={Loken, Chris and Gruner, Daniel and Groer, Leslie and Peltier, Richard and Bunn, Neil and Craig, Michael and Henriques, Teresa and Dempsey, Jillian and Yu, Ching-Hsing and Chen, Joseph and others},
  booktitle={Journal of Physics: Conference Series},
  volume={256},
  number={1},
  pages={012026},
  year={2010},
  organization={IOP Publishing}
}

@article{winter2007electronic,
  title={An “Electronic Fluorescent Pictograph” browser for exploring and analyzing large-scale biological data sets},
  author={Winter, Debbie and Vinegar, Ben and Nahal, Hardeep and Ammar, Ron and Wilson, Greg V and Provart, Nicholas J},
  journal={PloS one},
  volume={2},
  number={8},
  pages={e718},
  year={2007},
  publisher={Public Library of Science San Francisco, USA}
}

@article{trapnell2010cufflinks,
  title={Transcript assembly and quantification by RNA-Seq reveals unannotated transcripts and isoform switching during cell differentiation},
  author={Trapnell, Cole and Williams, Brian A and Pertea, Geo and Mortazavi, Ali and Kwan, Gordon and Van Baren, Marijke J and Salzberg, Steven L and Wold, Barbara J and Pachter, Lior},
  journal={Nature biotechnology},
  volume={28},
  number={5},
  pages={511--515},
  year={2010},
  publisher={Nature Publishing Group US New York}
}

@article{samtools,
    author = {Danecek, Petr and Bonfield, James K and Liddle, Jennifer and Marshall, John and Ohan, Valeriu and Pollard, Martin O and Whitwham, Andrew and Keane, Thomas and McCarthy, Shane A and Davies, Robert M and Li, Heng},
    title = "{Twelve years of SAMtools and BCFtools}",
    journal = {GigaScience},
    volume = {10},
    number = {2},
    year = {2021},
    month = {02},
    abstract = "{SAMtools and BCFtools are widely used programs for processing and analysing high-throughput sequencing data. They include tools for file format conversion and manipulation, sorting, querying, statistics, variant calling, and effect analysis amongst other methods.The first version appeared online 12 years ago and has been maintained and further developed ever since, with many new features and improvements added over the years. The SAMtools and BCFtools packages represent a unique collection of tools that have been used in numerous other software projects and countless genomic pipelines.Both SAMtools and BCFtools are freely available on GitHub under the permissive MIT licence, free for both non-commercial and commercial use. Both packages have been installed \\&gt;1 million times via Bioconda. The source code and documentation are available from https://www.htslib.org.}",
    issn = {2047-217X},
    doi = {10.1093/gigascience/giab008},
    url = {https://doi.org/10.1093/gigascience/giab008},
    note = {giab008},
    eprint = {https://academic.oup.com/gigascience/article-pdf/10/2/giab008/36332246/giab008.pdf},
}

@article{deseq2,
  title={Moderated estimation of fold change and dispersion for RNA-seq data with DESeq2},
  author={Love, Michael I and Huber, Wolfgang and Anders, Simon},
  journal={Genome biology},
  volume={15},
  number={12},
  pages={1--21},
  year={2014},
  publisher={BioMed Central}
}

@article{robinson2010edger,
  title={edgeR: a Bioconductor package for differential expression analysis of digital gene expression data},
  author={Robinson, Mark D and McCarthy, Davis J and Smyth, Gordon K},
  journal={bioinformatics},
  volume={26},
  number={1},
  pages={139--140},
  year={2010},
  publisher={Oxford University Press}
}

@article{gene_ontology,
  title={PANTHER: Making genome-scale phylogenetics accessible to all},
  author={Thomas, Paul D and Ebert, Dustin and Muruganujan, Anushya and Mushayahama, Tremayne and Albou, Laurent-Philippe and Mi, Huaiyu},
  journal={Protein Science},
  volume={31},
  number={1},
  pages={8--22},
  year={2022},
  publisher={Wiley Online Library}
}

@article{kanehisa2000kegg,
  title={KEGG: kyoto encyclopedia of genes and genomes},
  author={Kanehisa, Minoru and Goto, Susumu},
  journal={Nucleic acids research},
  volume={28},
  number={1},
  pages={27--30},
  year={2000},
  publisher={Oxford University Press}
}

@article{robinson2011igv,
  title={Integrative genomics viewer},
  author={Robinson, James T and Thorvaldsd{\'o}ttir, Helga and Winckler, Wendy and Guttman, Mitchell and Lander, Eric S and Getz, Gad and Mesirov, Jill P},
  journal={Nature biotechnology},
  volume={29},
  number={1},
  pages={24--26},
  year={2011},
  publisher={Nature Publishing Group UK London}
}

@article{cutler1997aba1,
  title={Induction of (+)-abscisic acid 8' hydroxylase by (+)-abscisic acid in cultured maize cells},
  author={Cutler, Adrian J and Squires, Timothy M and Loewen, Mary K and Balsevich, John J},
  journal={Journal of Experimental Botany},
  volume={48},
  number={10},
  pages={1787--1795},
  year={1997},
  publisher={Oxford University Press}
}

@article{krochko1998aba2,
  title={(+)-Abscisic acid 8'-hydroxylase is a cytochrome P450 monooxygenase},
  author={Krochko, Joan E and Abrams, Garth D and Loewen, Mary K and Abrams, Suzanne R and Cutler, Adrian J},
  journal={Plant physiology},
  volume={118},
  number={3},
  pages={849--860},
  year={1998},
  publisher={American Society of Plant Biologists}
}

@article{qin2013ga1,
  title={Gibberellin 20-oxidase gene OsGA20ox3 regulates plant stature and disease development in rice},
  author={Qin, Xue and Liu, Jun Hua and Zhao, Wen Sheng and Chen, Xu Jun and Guo, Ze Jian and Peng, You Liang},
  journal={Molecular plant-microbe interactions},
  volume={26},
  number={2},
  pages={227--239},
  year={2013},
  publisher={Am Phytopath Society}
}

@article{oikawa2004ga2,
  title={A role of OsGA20ox1, encoding an isoform of gibberellin 20-oxidase, for regulation of plant stature in rice},
  author={Oikawa, Tetsuo and Koshioka, Masaji and Kojima, Kiyohide and Yoshida, Hitoshi and Kawata, Motoshige},
  journal={Plant molecular biology},
  volume={55},
  pages={687--700},
  year={2004},
  publisher={Springer}
}

@article{souza2010a-amylase,
  title={Application of microbial $\alpha$-amylase in industry-A review},
  author={Souza, Paula Monteiro de and others},
  journal={Brazilian journal of microbiology},
  volume={41},
  pages={850--861},
  year={2010},
  publisher={SciELO Brasil}
}